<record><leader>00000cas a22000007a 4500</leader><controlfield tag="001">8793034</controlfield><controlfield tag="008">820921d18501851caudn ne      0   a0eng  </controlfield><datafield ind1=" " ind2=" " tag="010"><subfield code="a">sn 82014774 </subfield></datafield><datafield ind1=" " ind2=" " tag="040"><subfield code="a">DLC</subfield><subfield code="b">eng</subfield><subfield code="c">DLC</subfield><subfield code="d">NPU</subfield><subfield code="d">DLC</subfield><subfield code="d">NPX</subfield><subfield code="d">PPM</subfield><subfield code="d">DLC</subfield><subfield code="d">NYS</subfield><subfield code="d">MGN</subfield><subfield code="d">CNK</subfield><subfield code="d">NVK</subfield><subfield code="d">OCL</subfield><subfield code="d">NYS</subfield><subfield code="d">CUV</subfield><subfield code="d">OCLCO</subfield><subfield code="d">OCLCF</subfield><subfield code="d">CUS</subfield></datafield><datafield ind1=" " ind2=" " tag="042"><subfield code="a">msc</subfield></datafield><datafield ind1="0" ind2="0" tag="050"><subfield code="a">Newspaper 7143</subfield></datafield><datafield ind1="0" ind2="0" tag="245"><subfield code="a">Sacramento transcript.</subfield></datafield><datafield ind1="0" ind2="3" tag="246"><subfield code="a">Daily transcript</subfield><subfield code="f">&lt;June 11-July 26, 1850&gt;</subfield></datafield><datafield ind1="1" ind2="3" tag="246"><subfield code="a">Transcript</subfield></datafield><datafield ind1=" " ind2=" " tag="260"><subfield code="a">Sacramento City, Calif. :</subfield><subfield code="b">Fitch, Upham &amp; Co.,</subfield><subfield code="c">1850-</subfield></datafield><datafield ind1=" " ind2=" " tag="300"><subfield code="a">volumes :</subfield><subfield code="b">illustrations (chiefly advertisements) ;</subfield><subfield code="c">46-51 cm.</subfield></datafield><datafield ind1=" " ind2=" " tag="310"><subfield code="a">Daily (except Sun.)</subfield><subfield code="b">June 1, 1850-June 15, 1851</subfield></datafield><datafield ind1=" " ind2=" " tag="321"><subfield code="a">Triweekly,</subfield><subfield code="b">Apr. 1-May 30, 1850</subfield></datafield><datafield ind1=" " ind2=" " tag="336"><subfield code="a">text</subfield><subfield code="b">txt</subfield><subfield code="2">rdacontent</subfield></datafield><datafield ind1=" " ind2=" " tag="337"><subfield code="a">unmediated</subfield><subfield code="b">n</subfield><subfield code="2">rdamedia</subfield></datafield><datafield ind1=" " ind2=" " tag="338"><subfield code="a">volume</subfield><subfield code="b">nc</subfield><subfield code="2">rdacarrier</subfield></datafield><datafield ind1="0" ind2=" " tag="362"><subfield code="a">Vol. 1, no. 1 (Apr. 1, 1850)-</subfield></datafield><datafield ind1="1" ind2=" " tag="362"><subfield code="a">Ceased June 15, 1851.</subfield></datafield><datafield ind1=" " ind2=" " tag="500"><subfield code="a">Publishers: Fitch, Weld &amp; Co., 1850-1851; G.K. Fitch &amp; Co., 1851.</subfield></datafield><datafield ind1=" " ind2=" " tag="500"><subfield code="a">Editors: G. Kenyon Fitch, F.C. Ewer.</subfield></datafield><datafield ind1=" " ind2=" " tag="530"><subfield code="a">Also available online and on microfilm from Bell &amp; Howell, Micro Photo Div.</subfield></datafield><datafield ind1=" " ind2="0" tag="651"><subfield code="a">Sacramento (Calif.)</subfield><subfield code="v">Newspapers.</subfield></datafield><datafield ind1=" " ind2="7" tag="651"><subfield code="a">California</subfield><subfield code="z">Sacramento.</subfield><subfield code="2">fast</subfield><subfield code="0">(OCoLC)fst01205542</subfield></datafield><datafield ind1=" " ind2="7" tag="655"><subfield code="a">Newspapers.</subfield><subfield code="2">fast</subfield><subfield code="0">(OCoLC)fst01423814</subfield></datafield><datafield ind1=" " ind2=" " tag="752"><subfield code="a">United States</subfield><subfield code="b">California</subfield><subfield code="c">Sacramento</subfield><subfield code="d">Sacramento.</subfield></datafield><datafield ind1="0" ind2=" " tag="775"><subfield code="t">Sacramento transcript (Sacramento, Calif. : Steamer ed.)</subfield><subfield code="w">(DLC)sn 82014885</subfield><subfield code="w">(OCoLC)8795918</subfield></datafield><datafield ind1="0" ind2="7" tag="785"><subfield code="t">Daily Sacramento placer times</subfield><subfield code="w">(DLC)sn 87062157</subfield><subfield code="w">(OCoLC)15583526</subfield></datafield><datafield ind1="0" ind2="7" tag="785"><subfield code="t">Placer times and transcript (Sacramento, Calif. : Daily)</subfield><subfield code="w">(DLC)sn 84027312</subfield><subfield code="w">(OCoLC)11032538</subfield></datafield><datafield ind1="4" ind2="1" tag="856"><subfield code="u">http://bibpurl.oclc.org/web/74752</subfield><subfield code="u">http://cdnc.ucr.edu/cgi-bin/cdnc?a=cl&amp;cl=CL1&amp;sp=ST&amp;e=-------en--20--1--txt-txIN-------</subfield></datafield><datafield ind1="4" ind2="1" tag="856"><subfield code="u">http://cdnc.ucr.edu/newsucr/cgi-bin/newsucr?a=d&amp;cl=CL1.ST&amp;e=-------en-logical-20-AL-1-----all</subfield></datafield><datafield ind1="1" ind2=" " tag="029"><subfield code="a">AU@</subfield><subfield code="b">000020334659</subfield></datafield></record>